%YAML 1.1
%TAG !u! tag:unity3d.com,2011:
--- !u!29 &1
OcclusionCullingSettings:
  m_ObjectHideFlags: 0
  serializedVersion: 2
  m_OcclusionBakeSettings:
    smallestOccluder: 5
    smallestHole: 0.25
    backfaceThreshold: 100
  m_SceneGUID: 00000000000000000000000000000000
  m_OcclusionCullingData: {fileID: 0}
--- !u!104 &2
RenderSettings:
  m_ObjectHideFlags: 0
  serializedVersion: 9
  m_Fog: 0
  m_FogColor: {r: 0.5, g: 0.5, b: 0.5, a: 1}
  m_FogMode: 3
  m_FogDensity: 0.01
  m_LinearFogStart: 0
  m_LinearFogEnd: 300
  m_AmbientSkyColor: {r: 0.212, g: 0.227, b: 0.259, a: 1}
  m_AmbientEquatorColor: {r: 0.114, g: 0.125, b: 0.133, a: 1}
  m_AmbientGroundColor: {r: 0.047, g: 0.043, b: 0.035, a: 1}
  m_AmbientIntensity: 1
  m_AmbientMode: 0
  m_SubtractiveShadowColor: {r: 0.42, g: 0.478, b: 0.627, a: 1}
  m_SkyboxMaterial: {fileID: 10304, guid: 0000000000000000f000000000000000, type: 0}
  m_HaloStrength: 0.5
  m_FlareStrength: 1
  m_FlareFadeSpeed: 3
  m_HaloTexture: {fileID: 0}
  m_SpotCookie: {fileID: 10001, guid: 0000000000000000e000000000000000, type: 0}
  m_DefaultReflectionMode: 0
  m_DefaultReflectionResolution: 128
  m_ReflectionBounces: 1
  m_ReflectionIntensity: 1
  m_CustomReflection: {fileID: 0}
  m_Sun: {fileID: 705507994}
  m_IndirectSpecularColor: {r: 0, g: 0, b: 0, a: 1}
  m_UseRadianceAmbientProbe: 0
--- !u!157 &3
LightmapSettings:
  m_ObjectHideFlags: 0
  serializedVersion: 12
  m_GIWorkflowMode: 1
  m_GISettings:
    serializedVersion: 2
    m_BounceScale: 1
    m_IndirectOutputScale: 1
    m_AlbedoBoost: 1
    m_EnvironmentLightingMode: 0
    m_EnableBakedLightmaps: 0
    m_EnableRealtimeLightmaps: 0
  m_LightmapEditorSettings:
    serializedVersion: 12
    m_Resolution: 2
    m_BakeResolution: 40
    m_AtlasSize: 1024
    m_AO: 0
    m_AOMaxDistance: 1
    m_CompAOExponent: 1
    m_CompAOExponentDirect: 0
    m_ExtractAmbientOcclusion: 0
    m_Padding: 2
    m_LightmapParameters: {fileID: 0}
    m_LightmapsBakeMode: 1
    m_TextureCompression: 1
    m_FinalGather: 0
    m_FinalGatherFiltering: 1
    m_FinalGatherRayCount: 256
    m_ReflectionCompression: 2
    m_MixedBakeMode: 2
    m_BakeBackend: 1
    m_PVRSampling: 1
    m_PVRDirectSampleCount: 32
    m_PVRSampleCount: 500
    m_PVRBounces: 2
    m_PVREnvironmentSampleCount: 500
    m_PVREnvironmentReferencePointCount: 2048
    m_PVRFilteringMode: 2
    m_PVRDenoiserTypeDirect: 0
    m_PVRDenoiserTypeIndirect: 0
    m_PVRDenoiserTypeAO: 0
    m_PVRFilterTypeDirect: 0
    m_PVRFilterTypeIndirect: 0
    m_PVRFilterTypeAO: 0
    m_PVREnvironmentMIS: 0
    m_PVRCulling: 1
    m_PVRFilteringGaussRadiusDirect: 1
    m_PVRFilteringGaussRadiusIndirect: 5
    m_PVRFilteringGaussRadiusAO: 2
    m_PVRFilteringAtrousPositionSigmaDirect: 0.5
    m_PVRFilteringAtrousPositionSigmaIndirect: 2
    m_PVRFilteringAtrousPositionSigmaAO: 1
    m_ExportTrainingData: 0
    m_TrainingDataDestination: TrainingData
    m_LightProbeSampleCountMultiplier: 4
  m_LightingDataAsset: {fileID: 0}
  m_LightingSettings: {fileID: 4890085278179872738, guid: 2b39385094cf12644b56df35ae1f2f54,
    type: 2}
--- !u!196 &4
NavMeshSettings:
  serializedVersion: 2
  m_ObjectHideFlags: 0
  m_BuildSettings:
    serializedVersion: 2
    agentTypeID: 0
    agentRadius: 0.5
    agentHeight: 2
    agentSlope: 45
    agentClimb: 0.4
    ledgeDropHeight: 0
    maxJumpAcrossDistance: 0
    minRegionArea: 2
    manualCellSize: 0
    cellSize: 0.16666667
    manualTileSize: 0
    tileSize: 256
    accuratePlacement: 0
    maxJobWorkers: 0
    preserveTilesOutsideBounds: 0
    debug:
      m_Flags: 0
  m_NavMeshData: {fileID: 0}
--- !u!4 &86267584 stripped
Transform:
  m_CorrespondingSourceObject: {fileID: 2010523308685389499, guid: 8da4d67c7e0ae0b46becaeb3eea1260b,
    type: 3}
  m_PrefabInstance: {fileID: 119600231}
  m_PrefabAsset: {fileID: 0}
--- !u!1001 &119600231
PrefabInstance:
  m_ObjectHideFlags: 0
  serializedVersion: 2
  m_Modification:
    m_TransformParent: {fileID: 1600246578}
    m_Modifications:
    - target: {fileID: 2010523308567216374, guid: 8da4d67c7e0ae0b46becaeb3eea1260b,
        type: 3}
      propertyPath: m_Mesh
      value: 
      objectReference: {fileID: 0}
    - target: {fileID: 2010523308685389496, guid: 8da4d67c7e0ae0b46becaeb3eea1260b,
        type: 3}
      propertyPath: m_Name
      value: Penguin baby walk
      objectReference: {fileID: 0}
    - target: {fileID: 2010523308685389499, guid: 8da4d67c7e0ae0b46becaeb3eea1260b,
        type: 3}
      propertyPath: m_LocalPosition.x
      value: -16.1
      objectReference: {fileID: 0}
    - target: {fileID: 2010523308685389499, guid: 8da4d67c7e0ae0b46becaeb3eea1260b,
        type: 3}
      propertyPath: m_LocalPosition.y
      value: -14
      objectReference: {fileID: 0}
    - target: {fileID: 2010523308685389499, guid: 8da4d67c7e0ae0b46becaeb3eea1260b,
        type: 3}
      propertyPath: m_LocalPosition.z
      value: -55.3
      objectReference: {fileID: 0}
    - target: {fileID: 2010523308685389499, guid: 8da4d67c7e0ae0b46becaeb3eea1260b,
        type: 3}
      propertyPath: m_LocalRotation.x
      value: 0
      objectReference: {fileID: 0}
    - target: {fileID: 2010523308685389499, guid: 8da4d67c7e0ae0b46becaeb3eea1260b,
        type: 3}
      propertyPath: m_LocalRotation.y
      value: 0
      objectReference: {fileID: 0}
    - target: {fileID: 2010523308685389499, guid: 8da4d67c7e0ae0b46becaeb3eea1260b,
        type: 3}
      propertyPath: m_LocalRotation.z
      value: 0
      objectReference: {fileID: 0}
    - target: {fileID: 2010523308685389499, guid: 8da4d67c7e0ae0b46becaeb3eea1260b,
        type: 3}
      propertyPath: m_LocalRotation.w
      value: 1
      objectReference: {fileID: 0}
    - target: {fileID: 2010523308685389499, guid: 8da4d67c7e0ae0b46becaeb3eea1260b,
        type: 3}
      propertyPath: m_RootOrder
      value: 0
      objectReference: {fileID: 0}
    - target: {fileID: 2010523308685389499, guid: 8da4d67c7e0ae0b46becaeb3eea1260b,
        type: 3}
      propertyPath: m_LocalEulerAnglesHint.x
      value: 0
      objectReference: {fileID: 0}
    - target: {fileID: 2010523308685389499, guid: 8da4d67c7e0ae0b46becaeb3eea1260b,
        type: 3}
      propertyPath: m_LocalEulerAnglesHint.y
      value: 0
      objectReference: {fileID: 0}
    - target: {fileID: 2010523308685389499, guid: 8da4d67c7e0ae0b46becaeb3eea1260b,
        type: 3}
      propertyPath: m_LocalEulerAnglesHint.z
      value: 0
      objectReference: {fileID: 0}
    - target: {fileID: 2010523308685389499, guid: 8da4d67c7e0ae0b46becaeb3eea1260b,
        type: 3}
      propertyPath: m_LocalScale.x
      value: 30
      objectReference: {fileID: 0}
    - target: {fileID: 2010523308685389499, guid: 8da4d67c7e0ae0b46becaeb3eea1260b,
        type: 3}
      propertyPath: m_LocalScale.y
      value: 30
      objectReference: {fileID: 0}
    - target: {fileID: 2010523308685389499, guid: 8da4d67c7e0ae0b46becaeb3eea1260b,
        type: 3}
      propertyPath: m_LocalScale.z
      value: 1
      objectReference: {fileID: 0}
    - target: {fileID: 2010523308828154012, guid: 8da4d67c7e0ae0b46becaeb3eea1260b,
        type: 3}
      propertyPath: m_LocalPosition.x
      value: 0
      objectReference: {fileID: 0}
    - target: {fileID: 2010523308828154012, guid: 8da4d67c7e0ae0b46becaeb3eea1260b,
        type: 3}
      propertyPath: m_LocalPosition.y
      value: 0
      objectReference: {fileID: 0}
    - target: {fileID: 2010523308828154012, guid: 8da4d67c7e0ae0b46becaeb3eea1260b,
        type: 3}
      propertyPath: m_LocalPosition.z
      value: 0
      objectReference: {fileID: 0}
    - target: {fileID: 2010523308933268698, guid: 8da4d67c7e0ae0b46becaeb3eea1260b,
        type: 3}
      propertyPath: m_Mesh
      value: 
      objectReference: {fileID: 0}
    - target: {fileID: 2010523309053169905, guid: 8da4d67c7e0ae0b46becaeb3eea1260b,
        type: 3}
      propertyPath: m_LocalEulerAnglesHint.z
      value: -41.786003
      objectReference: {fileID: 0}
    - target: {fileID: 2010523309843090687, guid: 8da4d67c7e0ae0b46becaeb3eea1260b,
        type: 3}
      propertyPath: m_LocalPosition.x
      value: 0
      objectReference: {fileID: 0}
    - target: {fileID: 2010523309843090687, guid: 8da4d67c7e0ae0b46becaeb3eea1260b,
        type: 3}
      propertyPath: m_LocalPosition.y
      value: 0
      objectReference: {fileID: 0}
    - target: {fileID: 2010523309843090687, guid: 8da4d67c7e0ae0b46becaeb3eea1260b,
        type: 3}
      propertyPath: m_LocalPosition.z
      value: 0
      objectReference: {fileID: 0}
    - target: {fileID: 2010523309958107589, guid: 8da4d67c7e0ae0b46becaeb3eea1260b,
        type: 3}
      propertyPath: m_LocalEulerAnglesHint.z
      value: 144.83101
      objectReference: {fileID: 0}
    - target: {fileID: 2010523310017692569, guid: 8da4d67c7e0ae0b46becaeb3eea1260b,
        type: 3}
      propertyPath: m_LocalEulerAnglesHint.z
      value: -154.445
      objectReference: {fileID: 0}
    - target: {fileID: 2010523310205506073, guid: 8da4d67c7e0ae0b46becaeb3eea1260b,
        type: 3}
      propertyPath: m_LocalPosition.x
      value: 0
      objectReference: {fileID: 0}
    - target: {fileID: 2010523310205506073, guid: 8da4d67c7e0ae0b46becaeb3eea1260b,
        type: 3}
      propertyPath: m_LocalPosition.y
      value: 0
      objectReference: {fileID: 0}
    - target: {fileID: 2010523310205506073, guid: 8da4d67c7e0ae0b46becaeb3eea1260b,
        type: 3}
      propertyPath: m_LocalPosition.z
      value: 0
      objectReference: {fileID: 0}
    - target: {fileID: 2010523310236908490, guid: 8da4d67c7e0ae0b46becaeb3eea1260b,
        type: 3}
      propertyPath: m_Mesh
      value: 
      objectReference: {fileID: 0}
    m_RemovedComponents: []
  m_SourcePrefab: {fileID: 100100000, guid: 8da4d67c7e0ae0b46becaeb3eea1260b, type: 3}
--- !u!1 &218970638
GameObject:
  m_ObjectHideFlags: 0
  m_CorrespondingSourceObject: {fileID: 0}
  m_PrefabInstance: {fileID: 0}
  m_PrefabAsset: {fileID: 0}
  serializedVersion: 6
  m_Component:
  - component: {fileID: 218970642}
  - component: {fileID: 218970641}
  - component: {fileID: 218970640}
  - component: {fileID: 218970639}
  m_Layer: 5
  m_Name: Canvas
  m_TagString: Untagged
  m_Icon: {fileID: 0}
  m_NavMeshLayer: 0
  m_StaticEditorFlags: 0
  m_IsActive: 1
--- !u!114 &218970639
MonoBehaviour:
  m_ObjectHideFlags: 0
  m_CorrespondingSourceObject: {fileID: 0}
  m_PrefabInstance: {fileID: 0}
  m_PrefabAsset: {fileID: 0}
  m_GameObject: {fileID: 218970638}
  m_Enabled: 1
  m_EditorHideFlags: 0
  m_Script: {fileID: 11500000, guid: dc42784cf147c0c48a680349fa168899, type: 3}
  m_Name: 
  m_EditorClassIdentifier: 
  m_IgnoreReversedGraphics: 1
  m_BlockingObjects: 0
  m_BlockingMask:
    serializedVersion: 2
    m_Bits: 4294967295
--- !u!114 &218970640
MonoBehaviour:
  m_ObjectHideFlags: 0
  m_CorrespondingSourceObject: {fileID: 0}
  m_PrefabInstance: {fileID: 0}
  m_PrefabAsset: {fileID: 0}
  m_GameObject: {fileID: 218970638}
  m_Enabled: 1
  m_EditorHideFlags: 0
  m_Script: {fileID: 11500000, guid: 0cd44c1031e13a943bb63640046fad76, type: 3}
  m_Name: 
  m_EditorClassIdentifier: 
  m_UiScaleMode: 0
  m_ReferencePixelsPerUnit: 100
  m_ScaleFactor: 1
  m_ReferenceResolution: {x: 800, y: 600}
  m_ScreenMatchMode: 0
  m_MatchWidthOrHeight: 0
  m_PhysicalUnit: 3
  m_FallbackScreenDPI: 96
  m_DefaultSpriteDPI: 96
  m_DynamicPixelsPerUnit: 1
--- !u!223 &218970641
Canvas:
  m_ObjectHideFlags: 0
  m_CorrespondingSourceObject: {fileID: 0}
  m_PrefabInstance: {fileID: 0}
  m_PrefabAsset: {fileID: 0}
  m_GameObject: {fileID: 218970638}
  m_Enabled: 1
  serializedVersion: 3
  m_RenderMode: 0
  m_Camera: {fileID: 0}
  m_PlaneDistance: 100
  m_PixelPerfect: 0
  m_ReceivesEvents: 1
  m_OverrideSorting: 0
  m_OverridePixelPerfect: 0
  m_SortingBucketNormalizedSize: 0
  m_AdditionalShaderChannelsFlag: 0
  m_SortingLayerID: 0
  m_SortingOrder: 0
  m_TargetDisplay: 0
--- !u!224 &218970642
RectTransform:
  m_ObjectHideFlags: 0
  m_CorrespondingSourceObject: {fileID: 0}
  m_PrefabInstance: {fileID: 0}
  m_PrefabAsset: {fileID: 0}
  m_GameObject: {fileID: 218970638}
  m_LocalRotation: {x: 0, y: 0, z: 0, w: 1}
  m_LocalPosition: {x: 0, y: 0, z: 0}
  m_LocalScale: {x: 0, y: 0, z: 0}
  m_Children: []
  m_Father: {fileID: 0}
  m_RootOrder: 2
  m_LocalEulerAnglesHint: {x: 0, y: 0, z: 0}
  m_AnchorMin: {x: 0, y: 0}
  m_AnchorMax: {x: 0, y: 0}
  m_AnchoredPosition: {x: 0, y: 0}
  m_SizeDelta: {x: 0, y: 0}
  m_Pivot: {x: 0, y: 0}
--- !u!1001 &554829336
PrefabInstance:
  m_ObjectHideFlags: 0
  serializedVersion: 2
  m_Modification:
    m_TransformParent: {fileID: 1600246578}
    m_Modifications:
    - target: {fileID: 3490137991774875714, guid: e2813068a57f5de479fca8b8488418f3,
        type: 3}
      propertyPath: m_Mesh
      value: 
      objectReference: {fileID: 0}
    - target: {fileID: 3490137992582931133, guid: e2813068a57f5de479fca8b8488418f3,
        type: 3}
      propertyPath: m_Mesh
      value: 
      objectReference: {fileID: 0}
    - target: {fileID: 3490137992778301016, guid: e2813068a57f5de479fca8b8488418f3,
        type: 3}
      propertyPath: m_Mesh
      value: 
      objectReference: {fileID: 0}
    - target: {fileID: 7216883518206604631, guid: e2813068a57f5de479fca8b8488418f3,
        type: 3}
      propertyPath: m_LocalPosition.x
      value: -76.1
      objectReference: {fileID: 0}
    - target: {fileID: 7216883518206604631, guid: e2813068a57f5de479fca8b8488418f3,
        type: 3}
      propertyPath: m_LocalPosition.y
      value: 9
      objectReference: {fileID: 0}
    - target: {fileID: 7216883518206604631, guid: e2813068a57f5de479fca8b8488418f3,
        type: 3}
      propertyPath: m_LocalPosition.z
      value: -38.3
      objectReference: {fileID: 0}
    - target: {fileID: 7216883518206604631, guid: e2813068a57f5de479fca8b8488418f3,
        type: 3}
      propertyPath: m_LocalRotation.x
      value: 0
      objectReference: {fileID: 0}
    - target: {fileID: 7216883518206604631, guid: e2813068a57f5de479fca8b8488418f3,
        type: 3}
      propertyPath: m_LocalRotation.y
      value: 0
      objectReference: {fileID: 0}
    - target: {fileID: 7216883518206604631, guid: e2813068a57f5de479fca8b8488418f3,
        type: 3}
      propertyPath: m_LocalRotation.z
      value: 0
      objectReference: {fileID: 0}
    - target: {fileID: 7216883518206604631, guid: e2813068a57f5de479fca8b8488418f3,
        type: 3}
      propertyPath: m_LocalRotation.w
      value: 1
      objectReference: {fileID: 0}
    - target: {fileID: 7216883518206604631, guid: e2813068a57f5de479fca8b8488418f3,
        type: 3}
      propertyPath: m_RootOrder
      value: 1
      objectReference: {fileID: 0}
    - target: {fileID: 7216883518206604631, guid: e2813068a57f5de479fca8b8488418f3,
        type: 3}
      propertyPath: m_LocalEulerAnglesHint.x
      value: 0
      objectReference: {fileID: 0}
    - target: {fileID: 7216883518206604631, guid: e2813068a57f5de479fca8b8488418f3,
        type: 3}
      propertyPath: m_LocalEulerAnglesHint.y
      value: 0
      objectReference: {fileID: 0}
    - target: {fileID: 7216883518206604631, guid: e2813068a57f5de479fca8b8488418f3,
        type: 3}
      propertyPath: m_LocalEulerAnglesHint.z
      value: 0
      objectReference: {fileID: 0}
    - target: {fileID: 7216883518206604631, guid: e2813068a57f5de479fca8b8488418f3,
        type: 3}
      propertyPath: m_LocalScale.x
      value: 25
      objectReference: {fileID: 0}
    - target: {fileID: 7216883518206604631, guid: e2813068a57f5de479fca8b8488418f3,
        type: 3}
      propertyPath: m_LocalScale.y
      value: 25
      objectReference: {fileID: 0}
    - target: {fileID: 8454276699360032573, guid: e2813068a57f5de479fca8b8488418f3,
        type: 3}
      propertyPath: m_Name
      value: Guin ver2
      objectReference: {fileID: 0}
    m_RemovedComponents: []
  m_SourcePrefab: {fileID: 100100000, guid: e2813068a57f5de479fca8b8488418f3, type: 3}
--- !u!4 &554829337 stripped
Transform:
  m_CorrespondingSourceObject: {fileID: 7216883518206604631, guid: e2813068a57f5de479fca8b8488418f3,
    type: 3}
  m_PrefabInstance: {fileID: 554829336}
  m_PrefabAsset: {fileID: 0}
--- !u!1 &705507993
GameObject:
  m_ObjectHideFlags: 0
  m_CorrespondingSourceObject: {fileID: 0}
  m_PrefabInstance: {fileID: 0}
  m_PrefabAsset: {fileID: 0}
  serializedVersion: 6
  m_Component:
  - component: {fileID: 705507995}
  - component: {fileID: 705507994}
  m_Layer: 0
  m_Name: Directional Light
  m_TagString: Untagged
  m_Icon: {fileID: 0}
  m_NavMeshLayer: 0
  m_StaticEditorFlags: 0
  m_IsActive: 1
--- !u!108 &705507994
Light:
  m_ObjectHideFlags: 0
  m_CorrespondingSourceObject: {fileID: 0}
  m_PrefabInstance: {fileID: 0}
  m_PrefabAsset: {fileID: 0}
  m_GameObject: {fileID: 705507993}
  m_Enabled: 1
  serializedVersion: 10
  m_Type: 1
  m_Shape: 0
  m_Color: {r: 1, g: 0.95686275, b: 0.8392157, a: 1}
  m_Intensity: 1
  m_Range: 10
  m_SpotAngle: 30
  m_InnerSpotAngle: 21.80208
  m_CookieSize: 10
  m_Shadows:
    m_Type: 2
    m_Resolution: -1
    m_CustomResolution: -1
    m_Strength: 1
    m_Bias: 0.05
    m_NormalBias: 0.4
    m_NearPlane: 0.2
    m_CullingMatrixOverride:
      e00: 1
      e01: 0
      e02: 0
      e03: 0
      e10: 0
      e11: 1
      e12: 0
      e13: 0
      e20: 0
      e21: 0
      e22: 1
      e23: 0
      e30: 0
      e31: 0
      e32: 0
      e33: 1
    m_UseCullingMatrixOverride: 0
  m_Cookie: {fileID: 0}
  m_DrawHalo: 0
  m_Flare: {fileID: 0}
  m_RenderMode: 0
  m_CullingMask:
    serializedVersion: 2
    m_Bits: 4294967295
  m_RenderingLayerMask: 1
  m_Lightmapping: 1
  m_LightShadowCasterMode: 0
  m_AreaSize: {x: 1, y: 1}
  m_BounceIntensity: 1
  m_ColorTemperature: 6570
  m_UseColorTemperature: 0
  m_BoundingSphereOverride: {x: 2.3509895e-38, y: -32768, z: 2.3509887e-38, w: 0}
  m_UseBoundingSphereOverride: 0
  m_ShadowRadius: 0
  m_ShadowAngle: 0
--- !u!4 &705507995
Transform:
  m_ObjectHideFlags: 0
  m_CorrespondingSourceObject: {fileID: 0}
  m_PrefabInstance: {fileID: 0}
  m_PrefabAsset: {fileID: 0}
  m_GameObject: {fileID: 705507993}
  m_LocalRotation: {x: 0, y: 0, z: 0, w: 1}
  m_LocalPosition: {x: 0, y: 3, z: 0}
  m_LocalScale: {x: 1, y: 1, z: 1}
  m_Children: []
  m_Father: {fileID: 1039939222}
  m_RootOrder: 0
  m_LocalEulerAnglesHint: {x: 0, y: 0, z: 0}
--- !u!1001 &859986321
PrefabInstance:
  m_ObjectHideFlags: 0
  serializedVersion: 2
  m_Modification:
    m_TransformParent: {fileID: 1600246578}
    m_Modifications:
    - target: {fileID: 2262271884713560880, guid: 6b2548726977b3d4cbef5f9528a67db3,
        type: 3}
      propertyPath: m_Name
      value: Particle light
      objectReference: {fileID: 0}
    - target: {fileID: 2262271884713560882, guid: 6b2548726977b3d4cbef5f9528a67db3,
        type: 3}
      propertyPath: ShapeModule.randomPositionAmount
      value: 50
      objectReference: {fileID: 0}
    - target: {fileID: 2262271884713560882, guid: 6b2548726977b3d4cbef5f9528a67db3,
        type: 3}
      propertyPath: InitialModule.size3D
      value: 0
      objectReference: {fileID: 0}
    - target: {fileID: 2262271884713560882, guid: 6b2548726977b3d4cbef5f9528a67db3,
        type: 3}
      propertyPath: InitialModule.startLifetime.scalar
      value: 100
      objectReference: {fileID: 0}
    - target: {fileID: 2262271884713560882, guid: 6b2548726977b3d4cbef5f9528a67db3,
        type: 3}
      propertyPath: autoRandomSeed
      value: 1
      objectReference: {fileID: 0}
    - target: {fileID: 2262271884713560882, guid: 6b2548726977b3d4cbef5f9528a67db3,
        type: 3}
      propertyPath: InitialModule.startLifetime.minMaxState
      value: 3
      objectReference: {fileID: 0}
    - target: {fileID: 2262271884713560882, guid: 6b2548726977b3d4cbef5f9528a67db3,
        type: 3}
      propertyPath: InitialModule.startLifetime.minScalar
      value: 50
      objectReference: {fileID: 0}
    - target: {fileID: 2262271884713560882, guid: 6b2548726977b3d4cbef5f9528a67db3,
        type: 3}
      propertyPath: VelocityModule.enabled
      value: 0
      objectReference: {fileID: 0}
    - target: {fileID: 2262271884713560882, guid: 6b2548726977b3d4cbef5f9528a67db3,
        type: 3}
      propertyPath: VelocityModule.x.scalar
      value: 0
      objectReference: {fileID: 0}
    - target: {fileID: 2262271884713560882, guid: 6b2548726977b3d4cbef5f9528a67db3,
        type: 3}
      propertyPath: moveWithTransform
      value: 0
      objectReference: {fileID: 0}
    - target: {fileID: 2262271884713560882, guid: 6b2548726977b3d4cbef5f9528a67db3,
        type: 3}
      propertyPath: simulationSpeed
      value: 0.5
      objectReference: {fileID: 0}
    - target: {fileID: 2262271884713560882, guid: 6b2548726977b3d4cbef5f9528a67db3,
        type: 3}
      propertyPath: useRigidbodyForVelocity
      value: 0
      objectReference: {fileID: 0}
    - target: {fileID: 2262271884713560882, guid: 6b2548726977b3d4cbef5f9528a67db3,
        type: 3}
      propertyPath: ShapeModule.radius.value
      value: 150
      objectReference: {fileID: 0}
    - target: {fileID: 2262271884713560882, guid: 6b2548726977b3d4cbef5f9528a67db3,
        type: 3}
      propertyPath: InitialModule.startSize.minCurve.m_Curve.Array.data[0].value
      value: 0.24504471
      objectReference: {fileID: 0}
    - target: {fileID: 2262271884713560882, guid: 6b2548726977b3d4cbef5f9528a67db3,
        type: 3}
      propertyPath: InitialModule.startSize.minCurve.m_Curve.Array.data[0].time
      value: 0
      objectReference: {fileID: 0}
    - target: {fileID: 2262271884713560882, guid: 6b2548726977b3d4cbef5f9528a67db3,
        type: 3}
      propertyPath: InitialModule.startSize.maxCurve.m_Curve.Array.data[0].value
      value: 1
      objectReference: {fileID: 0}
    - target: {fileID: 2262271884713560882, guid: 6b2548726977b3d4cbef5f9528a67db3,
        type: 3}
      propertyPath: InitialModule.startSize.minCurve.m_Curve.Array.data[1].time
      value: 0.60052454
      objectReference: {fileID: 0}
    - target: {fileID: 2262271884713560882, guid: 6b2548726977b3d4cbef5f9528a67db3,
        type: 3}
      propertyPath: InitialModule.startSize.minCurve.m_Curve.Array.data[1].value
      value: 0.597826
      objectReference: {fileID: 0}
    - target: {fileID: 2262271884713560882, guid: 6b2548726977b3d4cbef5f9528a67db3,
        type: 3}
      propertyPath: InitialModule.startSize.minMaxState
      value: 3
      objectReference: {fileID: 0}
    - target: {fileID: 2262271884713560882, guid: 6b2548726977b3d4cbef5f9528a67db3,
        type: 3}
      propertyPath: InitialModule.startSizeY.minMaxState
      value: 3
      objectReference: {fileID: 0}
    - target: {fileID: 2262271884713560882, guid: 6b2548726977b3d4cbef5f9528a67db3,
        type: 3}
      propertyPath: InitialModule.startSizeZ.minMaxState
      value: 3
      objectReference: {fileID: 0}
    - target: {fileID: 2262271884713560882, guid: 6b2548726977b3d4cbef5f9528a67db3,
        type: 3}
      propertyPath: InitialModule.startSize.minScalar
      value: 30
      objectReference: {fileID: 0}
    - target: {fileID: 2262271884713560882, guid: 6b2548726977b3d4cbef5f9528a67db3,
        type: 3}
      propertyPath: InitialModule.startSize.scalar
      value: 60
      objectReference: {fileID: 0}
    - target: {fileID: 2262271884713560882, guid: 6b2548726977b3d4cbef5f9528a67db3,
        type: 3}
      propertyPath: ShapeModule.radius.spread
      value: 0
      objectReference: {fileID: 0}
    - target: {fileID: 2262271884713560882, guid: 6b2548726977b3d4cbef5f9528a67db3,
        type: 3}
      propertyPath: ShapeModule.radius.mode
      value: 2
      objectReference: {fileID: 0}
    - target: {fileID: 2262271884713560882, guid: 6b2548726977b3d4cbef5f9528a67db3,
        type: 3}
      propertyPath: ShapeModule.radius.speed.scalar
      value: 100
      objectReference: {fileID: 0}
    - target: {fileID: 2262271884713560883, guid: 6b2548726977b3d4cbef5f9528a67db3,
        type: 3}
      propertyPath: m_Materials.Array.size
      value: 1
      objectReference: {fileID: 0}
    - target: {fileID: 2262271884713560885, guid: 6b2548726977b3d4cbef5f9528a67db3,
        type: 3}
      propertyPath: m_LocalPosition.x
      value: 18
      objectReference: {fileID: 0}
    - target: {fileID: 2262271884713560885, guid: 6b2548726977b3d4cbef5f9528a67db3,
        type: 3}
      propertyPath: m_LocalPosition.y
      value: 60
      objectReference: {fileID: 0}
    - target: {fileID: 2262271884713560885, guid: 6b2548726977b3d4cbef5f9528a67db3,
        type: 3}
      propertyPath: m_LocalPosition.z
      value: -20
      objectReference: {fileID: 0}
    - target: {fileID: 2262271884713560885, guid: 6b2548726977b3d4cbef5f9528a67db3,
        type: 3}
      propertyPath: m_LocalRotation.x
      value: -0.7071068
      objectReference: {fileID: 0}
    - target: {fileID: 2262271884713560885, guid: 6b2548726977b3d4cbef5f9528a67db3,
        type: 3}
      propertyPath: m_LocalRotation.y
      value: 0
      objectReference: {fileID: 0}
    - target: {fileID: 2262271884713560885, guid: 6b2548726977b3d4cbef5f9528a67db3,
        type: 3}
      propertyPath: m_LocalRotation.z
      value: 0
      objectReference: {fileID: 0}
    - target: {fileID: 2262271884713560885, guid: 6b2548726977b3d4cbef5f9528a67db3,
        type: 3}
      propertyPath: m_LocalRotation.w
      value: 0.7071068
      objectReference: {fileID: 0}
    - target: {fileID: 2262271884713560885, guid: 6b2548726977b3d4cbef5f9528a67db3,
        type: 3}
      propertyPath: m_RootOrder
      value: 4
      objectReference: {fileID: 0}
    - target: {fileID: 2262271884713560885, guid: 6b2548726977b3d4cbef5f9528a67db3,
        type: 3}
      propertyPath: m_LocalEulerAnglesHint.x
      value: -90
      objectReference: {fileID: 0}
    - target: {fileID: 2262271884713560885, guid: 6b2548726977b3d4cbef5f9528a67db3,
        type: 3}
      propertyPath: m_LocalEulerAnglesHint.y
      value: 0
      objectReference: {fileID: 0}
    - target: {fileID: 2262271884713560885, guid: 6b2548726977b3d4cbef5f9528a67db3,
        type: 3}
      propertyPath: m_LocalEulerAnglesHint.z
      value: 0
      objectReference: {fileID: 0}
    m_RemovedComponents: []
  m_SourcePrefab: {fileID: 100100000, guid: 6b2548726977b3d4cbef5f9528a67db3, type: 3}
--- !u!4 &859986322 stripped
Transform:
  m_CorrespondingSourceObject: {fileID: 2262271884713560885, guid: 6b2548726977b3d4cbef5f9528a67db3,
    type: 3}
  m_PrefabInstance: {fileID: 859986321}
  m_PrefabAsset: {fileID: 0}
--- !u!1 &1039939217
GameObject:
  m_ObjectHideFlags: 0
  m_CorrespondingSourceObject: {fileID: 0}
  m_PrefabInstance: {fileID: 0}
  m_PrefabAsset: {fileID: 0}
  serializedVersion: 6
  m_Component:
  - component: {fileID: 1039939222}
  - component: {fileID: 1039939221}
  - component: {fileID: 1039939220}
  - component: {fileID: 1039939219}
  - component: {fileID: 1039939218}
  - component: {fileID: 1039939223}
  m_Layer: 0
  m_Name: ARCamera
  m_TagString: MainCamera
  m_Icon: {fileID: 0}
  m_NavMeshLayer: 0
  m_StaticEditorFlags: 0
  m_IsActive: 1
--- !u!114 &1039939218
MonoBehaviour:
  m_ObjectHideFlags: 0
  m_CorrespondingSourceObject: {fileID: 0}
  m_PrefabInstance: {fileID: 0}
  m_PrefabAsset: {fileID: 0}
  m_GameObject: {fileID: 1039939217}
  m_Enabled: 1
  m_EditorHideFlags: 0
  m_Script: {fileID: 11500000, guid: c47f92041efbb4b429a4eafca855ebe3, type: 3}
  m_Name: 
  m_EditorClassIdentifier: 
--- !u!114 &1039939219
MonoBehaviour:
  m_ObjectHideFlags: 0
  m_CorrespondingSourceObject: {fileID: 0}
  m_PrefabInstance: {fileID: 0}
  m_PrefabAsset: {fileID: 0}
  m_GameObject: {fileID: 1039939217}
  m_Enabled: 1
  m_EditorHideFlags: 0
  m_Script: {fileID: -1826476478, guid: 4bc5fd733b147194692297d23f623541, type: 3}
  m_Name: 
  m_EditorClassIdentifier: 
  mWorldCenterMode: 1
  mWorldCenter: {fileID: 0}
--- !u!81 &1039939220
AudioListener:
  m_ObjectHideFlags: 0
  m_CorrespondingSourceObject: {fileID: 0}
  m_PrefabInstance: {fileID: 0}
  m_PrefabAsset: {fileID: 0}
  m_GameObject: {fileID: 1039939217}
  m_Enabled: 1
--- !u!20 &1039939221
Camera:
  m_ObjectHideFlags: 0
  m_CorrespondingSourceObject: {fileID: 0}
  m_PrefabInstance: {fileID: 0}
  m_PrefabAsset: {fileID: 0}
  m_GameObject: {fileID: 1039939217}
  m_Enabled: 1
  serializedVersion: 2
  m_ClearFlags: 2
  m_BackGroundColor: {r: 0, g: 0, b: 0, a: 1}
  m_projectionMatrixMode: 1
  m_GateFitMode: 2
  m_FOVAxisMode: 0
  m_SensorSize: {x: 36, y: 24}
  m_LensShift: {x: 0, y: 0}
  m_FocalLength: 50
  m_NormalizedViewPortRect:
    serializedVersion: 2
    x: 0
    y: 0
    width: 1
    height: 1
  near clip plane: 0.05
  far clip plane: 2000
  field of view: 46
  orthographic: 0
  orthographic size: 5
  m_Depth: 1
  m_CullingMask:
    serializedVersion: 2
    m_Bits: 4294967295
  m_RenderingPath: -1
  m_TargetTexture: {fileID: 0}
  m_TargetDisplay: 0
  m_TargetEye: 3
  m_HDR: 0
  m_AllowMSAA: 1
  m_AllowDynamicResolution: 0
  m_ForceIntoRT: 0
  m_OcclusionCulling: 1
  m_StereoConvergence: 10
  m_StereoSeparation: 0.022
--- !u!4 &1039939222
Transform:
  m_ObjectHideFlags: 0
  m_CorrespondingSourceObject: {fileID: 0}
  m_PrefabInstance: {fileID: 0}
  m_PrefabAsset: {fileID: 0}
  m_GameObject: {fileID: 1039939217}
  m_LocalRotation: {x: 0, y: 1, z: 0, w: 0}
  m_LocalPosition: {x: 0, y: 1, z: -193}
  m_LocalScale: {x: 1.0000007, y: 1.0000002, z: 1.0000007}
  m_Children:
  - {fileID: 705507995}
  m_Father: {fileID: 0}
  m_RootOrder: 0
  m_LocalEulerAnglesHint: {x: 0, y: 180, z: 0}
--- !u!114 &1039939223
MonoBehaviour:
  m_ObjectHideFlags: 0
  m_CorrespondingSourceObject: {fileID: 0}
  m_PrefabInstance: {fileID: 0}
  m_PrefabAsset: {fileID: 0}
  m_GameObject: {fileID: 1039939217}
  m_Enabled: 1
  m_EditorHideFlags: 0
  m_Script: {fileID: 11500000, guid: 75a6f2c8d095f0449b43312b2a5afd74, type: 3}
  m_Name: 
  m_EditorClassIdentifier: 
--- !u!4 &1161304286 stripped
Transform:
  m_CorrespondingSourceObject: {fileID: 360061041224591395, guid: a45d36d0d2e84524a8619e8c3c714196,
    type: 3}
  m_PrefabInstance: {fileID: 1805296016}
  m_PrefabAsset: {fileID: 0}
--- !u!1001 &1373288887
PrefabInstance:
  m_ObjectHideFlags: 0
  serializedVersion: 2
  m_Modification:
    m_TransformParent: {fileID: 1600246578}
    m_Modifications:
    - target: {fileID: 2318012856659562849, guid: 6f853364f2c717c45ae4a2a024051c91,
        type: 3}
      propertyPath: m_LocalPosition.x
      value: -11.218172
      objectReference: {fileID: 0}
    - target: {fileID: 2318012856659562849, guid: 6f853364f2c717c45ae4a2a024051c91,
        type: 3}
      propertyPath: m_LocalPosition.y
      value: 121.76093
      objectReference: {fileID: 0}
    - target: {fileID: 2318012856659562849, guid: 6f853364f2c717c45ae4a2a024051c91,
        type: 3}
      propertyPath: m_LocalPosition.z
      value: -13.5
      objectReference: {fileID: 0}
    - target: {fileID: 2318012856659562849, guid: 6f853364f2c717c45ae4a2a024051c91,
        type: 3}
      propertyPath: m_LocalRotation.x
      value: -0.7071068
      objectReference: {fileID: 0}
    - target: {fileID: 2318012856659562849, guid: 6f853364f2c717c45ae4a2a024051c91,
        type: 3}
      propertyPath: m_LocalRotation.y
      value: -0
      objectReference: {fileID: 0}
    - target: {fileID: 2318012856659562849, guid: 6f853364f2c717c45ae4a2a024051c91,
        type: 3}
      propertyPath: m_LocalRotation.z
      value: -0
      objectReference: {fileID: 0}
    - target: {fileID: 2318012856659562849, guid: 6f853364f2c717c45ae4a2a024051c91,
        type: 3}
      propertyPath: m_LocalRotation.w
      value: 0.7071068
      objectReference: {fileID: 0}
    - target: {fileID: 2318012856659562849, guid: 6f853364f2c717c45ae4a2a024051c91,
        type: 3}
      propertyPath: m_RootOrder
      value: 7
      objectReference: {fileID: 0}
    - target: {fileID: 2318012856659562849, guid: 6f853364f2c717c45ae4a2a024051c91,
        type: 3}
      propertyPath: m_LocalEulerAnglesHint.x
      value: 0
      objectReference: {fileID: 0}
    - target: {fileID: 2318012856659562849, guid: 6f853364f2c717c45ae4a2a024051c91,
        type: 3}
      propertyPath: m_LocalEulerAnglesHint.y
      value: 0
      objectReference: {fileID: 0}
    - target: {fileID: 2318012856659562849, guid: 6f853364f2c717c45ae4a2a024051c91,
        type: 3}
      propertyPath: m_LocalEulerAnglesHint.z
      value: 0
      objectReference: {fileID: 0}
    - target: {fileID: 3500916409810866051, guid: 6f853364f2c717c45ae4a2a024051c91,
        type: 3}
      propertyPath: m_Name
      value: Particle flare
      objectReference: {fileID: 0}
    - target: {fileID: 5713152855339584009, guid: 6f853364f2c717c45ae4a2a024051c91,
        type: 3}
      propertyPath: m_Name
      value: Flare Out
      objectReference: {fileID: 0}
    - target: {fileID: 5713152855339584014, guid: 6f853364f2c717c45ae4a2a024051c91,
        type: 3}
      propertyPath: m_Materials.Array.size
      value: 1
      objectReference: {fileID: 0}
    - target: {fileID: 5713152855339584015, guid: 6f853364f2c717c45ae4a2a024051c91,
        type: 3}
      propertyPath: InitialModule.startSize.minScalar
      value: 50
      objectReference: {fileID: 0}
    - target: {fileID: 5713152855339584015, guid: 6f853364f2c717c45ae4a2a024051c91,
        type: 3}
      propertyPath: InitialModule.startSize.scalar
      value: 500
      objectReference: {fileID: 0}
    - target: {fileID: 5713152855339584015, guid: 6f853364f2c717c45ae4a2a024051c91,
        type: 3}
      propertyPath: ColorModule.gradient.maxGradient.key1.a
      value: 1
      objectReference: {fileID: 0}
    - target: {fileID: 5713152855339584015, guid: 6f853364f2c717c45ae4a2a024051c91,
        type: 3}
      propertyPath: InitialModule.startLifetime.scalar
      value: 5
      objectReference: {fileID: 0}
    - target: {fileID: 5713152855339584015, guid: 6f853364f2c717c45ae4a2a024051c91,
        type: 3}
      propertyPath: useUnscaledTime
      value: 0
      objectReference: {fileID: 0}
    - target: {fileID: 5713152855339584015, guid: 6f853364f2c717c45ae4a2a024051c91,
        type: 3}
      propertyPath: SizeModule.enabled
      value: 0
      objectReference: {fileID: 0}
    - target: {fileID: 5713152855339584015, guid: 6f853364f2c717c45ae4a2a024051c91,
        type: 3}
      propertyPath: LightsModule.enabled
      value: 0
      objectReference: {fileID: 0}
    - target: {fileID: 5713152856493264156, guid: 6f853364f2c717c45ae4a2a024051c91,
        type: 3}
      propertyPath: m_Materials.Array.size
      value: 1
      objectReference: {fileID: 0}
    - target: {fileID: 5713152856493264157, guid: 6f853364f2c717c45ae4a2a024051c91,
        type: 3}
      propertyPath: InitialModule.startSize.minScalar
      value: 50
      objectReference: {fileID: 0}
    - target: {fileID: 5713152856493264157, guid: 6f853364f2c717c45ae4a2a024051c91,
        type: 3}
      propertyPath: InitialModule.startSize.scalar
      value: 150
      objectReference: {fileID: 0}
    - target: {fileID: 5713152856493264157, guid: 6f853364f2c717c45ae4a2a024051c91,
        type: 3}
      propertyPath: ColorModule.gradient.maxGradient.key1.a
      value: 1
      objectReference: {fileID: 0}
    - target: {fileID: 5713152856493264157, guid: 6f853364f2c717c45ae4a2a024051c91,
        type: 3}
      propertyPath: SizeModule.enabled
      value: 0
      objectReference: {fileID: 0}
    - target: {fileID: 5713152856493264157, guid: 6f853364f2c717c45ae4a2a024051c91,
        type: 3}
      propertyPath: LightsModule.enabled
      value: 0
      objectReference: {fileID: 0}
    - target: {fileID: 5713152856493264158, guid: 6f853364f2c717c45ae4a2a024051c91,
        type: 3}
      propertyPath: m_IsActive
      value: 1
      objectReference: {fileID: 0}
    - target: {fileID: 5713152856493264158, guid: 6f853364f2c717c45ae4a2a024051c91,
        type: 3}
      propertyPath: m_Name
      value: Flare In
      objectReference: {fileID: 0}
    - target: {fileID: 5713152856493264159, guid: 6f853364f2c717c45ae4a2a024051c91,
        type: 3}
      propertyPath: m_Size
      value: 100
      objectReference: {fileID: 0}
    m_RemovedComponents: []
  m_SourcePrefab: {fileID: 100100000, guid: 6f853364f2c717c45ae4a2a024051c91, type: 3}
--- !u!21 &1377177431
Material:
  serializedVersion: 6
  m_ObjectHideFlags: 0
  m_CorrespondingSourceObject: {fileID: 0}
  m_PrefabInstance: {fileID: 0}
  m_PrefabAsset: {fileID: 0}
  m_Name: 'Track10Material

    23124'
  m_Shader: {fileID: 10752, guid: 0000000000000000f000000000000000, type: 0}
  m_ShaderKeywords: 
  m_LightmapFlags: 5
  m_EnableInstancingVariants: 0
  m_DoubleSidedGI: 0
  m_CustomRenderQueue: -1
  stringTagMap: {}
  disabledShaderPasses: []
  m_SavedProperties:
    serializedVersion: 3
    m_TexEnvs:
    - _MainTex:
        m_Texture: {fileID: 2800000, guid: c91360f89ff74d539ae801d73b574bd6, type: 3}
        m_Scale: {x: 1, y: 1}
        m_Offset: {x: 0, y: 0}
    m_Floats: []
    m_Colors:
    - _Color: {r: 0.82089555, g: 0.82089555, b: 0.82089555, a: 1}
  m_BuildTextureStacks: []
--- !u!1 &1400616231
GameObject:
  m_ObjectHideFlags: 0
  m_CorrespondingSourceObject: {fileID: 0}
  m_PrefabInstance: {fileID: 0}
  m_PrefabAsset: {fileID: 0}
  serializedVersion: 6
  m_Component:
  - component: {fileID: 1400616234}
  - component: {fileID: 1400616233}
  - component: {fileID: 1400616232}
  m_Layer: 0
  m_Name: EventSystem
  m_TagString: Untagged
  m_Icon: {fileID: 0}
  m_NavMeshLayer: 0
  m_StaticEditorFlags: 0
  m_IsActive: 1
--- !u!114 &1400616232
MonoBehaviour:
  m_ObjectHideFlags: 0
  m_CorrespondingSourceObject: {fileID: 0}
  m_PrefabInstance: {fileID: 0}
  m_PrefabAsset: {fileID: 0}
  m_GameObject: {fileID: 1400616231}
  m_Enabled: 1
  m_EditorHideFlags: 0
  m_Script: {fileID: 11500000, guid: 4f231c4fb786f3946a6b90b886c48677, type: 3}
  m_Name: 
  m_EditorClassIdentifier: 
  m_HorizontalAxis: Horizontal
  m_VerticalAxis: Vertical
  m_SubmitButton: Submit
  m_CancelButton: Cancel
  m_InputActionsPerSecond: 10
  m_RepeatDelay: 0.5
  m_ForceModuleActive: 0
--- !u!114 &1400616233
MonoBehaviour:
  m_ObjectHideFlags: 0
  m_CorrespondingSourceObject: {fileID: 0}
  m_PrefabInstance: {fileID: 0}
  m_PrefabAsset: {fileID: 0}
  m_GameObject: {fileID: 1400616231}
  m_Enabled: 1
  m_EditorHideFlags: 0
  m_Script: {fileID: 11500000, guid: 76c392e42b5098c458856cdf6ecaaaa1, type: 3}
  m_Name: 
  m_EditorClassIdentifier: 
  m_FirstSelected: {fileID: 0}
  m_sendNavigationEvents: 1
  m_DragThreshold: 10
--- !u!4 &1400616234
Transform:
  m_ObjectHideFlags: 0
  m_CorrespondingSourceObject: {fileID: 0}
  m_PrefabInstance: {fileID: 0}
  m_PrefabAsset: {fileID: 0}
  m_GameObject: {fileID: 1400616231}
  m_LocalRotation: {x: 0, y: 0, z: 0, w: 1}
  m_LocalPosition: {x: 0, y: 0, z: 0}
  m_LocalScale: {x: 1, y: 1, z: 1}
  m_Children: []
  m_Father: {fileID: 0}
  m_RootOrder: 3
  m_LocalEulerAnglesHint: {x: 0, y: 0, z: 0}
--- !u!1 &1535625220
GameObject:
  m_ObjectHideFlags: 0
  m_CorrespondingSourceObject: {fileID: 0}
  m_PrefabInstance: {fileID: 0}
  m_PrefabAsset: {fileID: 0}
  serializedVersion: 6
  m_Component:
  - component: {fileID: 1535625226}
  - component: {fileID: 1535625225}
  - component: {fileID: 1535625224}
  - component: {fileID: 1535625223}
  - component: {fileID: 1535625222}
  - component: {fileID: 1535625221}
  m_Layer: 0
  m_Name: ImageTarget (6)
  m_TagString: Untagged
  m_Icon: {fileID: 0}
  m_NavMeshLayer: 0
  m_StaticEditorFlags: 0
  m_IsActive: 1
--- !u!33 &1535625221
MeshFilter:
  m_ObjectHideFlags: 0
  m_CorrespondingSourceObject: {fileID: 0}
  m_PrefabInstance: {fileID: 0}
  m_PrefabAsset: {fileID: 0}
  m_GameObject: {fileID: 1535625220}
  m_Mesh: {fileID: 2115720735}
--- !u!23 &1535625222
MeshRenderer:
  m_ObjectHideFlags: 0
  m_CorrespondingSourceObject: {fileID: 0}
  m_PrefabInstance: {fileID: 0}
  m_PrefabAsset: {fileID: 0}
  m_GameObject: {fileID: 1535625220}
  m_Enabled: 1
  m_CastShadows: 1
  m_ReceiveShadows: 1
  m_DynamicOccludee: 1
  m_MotionVectors: 1
  m_LightProbeUsage: 0
  m_ReflectionProbeUsage: 1
  m_RayTracingMode: 2
  m_RayTraceProcedural: 0
  m_RenderingLayerMask: 1
  m_RendererPriority: 0
  m_Materials:
  - {fileID: 1377177431}
  m_StaticBatchInfo:
    firstSubMesh: 0
    subMeshCount: 0
  m_StaticBatchRoot: {fileID: 0}
  m_ProbeAnchor: {fileID: 0}
  m_LightProbeVolumeOverride: {fileID: 0}
  m_ScaleInLightmap: 1
  m_ReceiveGI: 1
  m_PreserveUVs: 0
  m_IgnoreNormalsForChartDetection: 0
  m_ImportantGI: 0
  m_StitchLightmapSeams: 1
  m_SelectedEditorRenderState: 3
  m_MinimumChartSize: 4
  m_AutoUVMaxDistance: 0.5
  m_AutoUVMaxAngle: 89
  m_LightmapParameters: {fileID: 0}
  m_SortingLayerID: 0
  m_SortingLayer: 0
  m_SortingOrder: 0
  m_AdditionalVertexStreams: {fileID: 0}
--- !u!114 &1535625223
MonoBehaviour:
  m_ObjectHideFlags: 0
  m_CorrespondingSourceObject: {fileID: 0}
  m_PrefabInstance: {fileID: 0}
  m_PrefabAsset: {fileID: 0}
  m_GameObject: {fileID: 1535625220}
  m_Enabled: 1
  m_EditorHideFlags: 0
  m_Script: {fileID: -1770992566, guid: 4bc5fd733b147194692297d23f623541, type: 3}
  m_Name: 
  m_EditorClassIdentifier: 
--- !u!114 &1535625224
MonoBehaviour:
  m_ObjectHideFlags: 0
  m_CorrespondingSourceObject: {fileID: 0}
  m_PrefabInstance: {fileID: 0}
  m_PrefabAsset: {fileID: 0}
  m_GameObject: {fileID: 1535625220}
  m_Enabled: 1
  m_EditorHideFlags: 0
  m_Script: {fileID: 11500000, guid: 5a917f0af64a6423093132dab321c15f, type: 3}
  m_Name: 
  m_EditorClassIdentifier: 
  StatusFilter: 1
  OnTargetFound:
    m_PersistentCalls:
      m_Calls:
      - m_Target: {fileID: 2076896966}
        m_TargetAssemblyTypeName: UnityEngine.AudioSource, UnityEngine
        m_MethodName: Play
        m_Mode: 1
        m_Arguments:
          m_ObjectArgument: {fileID: 0}
          m_ObjectArgumentAssemblyTypeName: UnityEngine.Object, UnityEngine
          m_IntArgument: 0
          m_FloatArgument: 0
          m_StringArgument: 
          m_BoolArgument: 0
        m_CallState: 2
  OnTargetLost:
    m_PersistentCalls:
      m_Calls:
      - m_Target: {fileID: 2076896966}
        m_TargetAssemblyTypeName: UnityEngine.AudioSource, UnityEngine
        m_MethodName: Stop
        m_Mode: 1
        m_Arguments:
          m_ObjectArgument: {fileID: 0}
          m_ObjectArgumentAssemblyTypeName: UnityEngine.Object, UnityEngine
          m_IntArgument: 0
          m_FloatArgument: 0
          m_StringArgument: 
          m_BoolArgument: 0
        m_CallState: 2
--- !u!114 &1535625225
MonoBehaviour:
  m_ObjectHideFlags: 0
  m_CorrespondingSourceObject: {fileID: 0}
  m_PrefabInstance: {fileID: 0}
  m_PrefabAsset: {fileID: 0}
  m_GameObject: {fileID: 1535625220}
  m_Enabled: 1
  m_EditorHideFlags: 0
  m_Script: {fileID: -1631628248, guid: 4bc5fd733b147194692297d23f623541, type: 3}
  m_Name: 
  m_EditorClassIdentifier: 
  mTrackableName: Track10
  mInitializedInEditor: 1
  mDataSetPath: Vuforia/AR_temple.xml
  mAspectRatio: 0.5639913
  mImageTargetType: 0
  mWidth: 400
  mHeight: 225.59653
  mRuntimeTexture: {fileID: 2800000, guid: f0d9bcb0daf31468385cd551f205df5a, type: 3}
--- !u!4 &1535625226
Transform:
  m_ObjectHideFlags: 0
  m_CorrespondingSourceObject: {fileID: 0}
  m_PrefabInstance: {fileID: 0}
  m_PrefabAsset: {fileID: 0}
  m_GameObject: {fileID: 1535625220}
  m_LocalRotation: {x: 0, y: 0.7071068, z: 0.7071068, w: 0}
  m_LocalPosition: {x: 0, y: 0, z: -538}
  m_LocalScale: {x: 1, y: 1, z: 1}
  m_Children:
  - {fileID: 1600246578}
  m_Father: {fileID: 0}
  m_RootOrder: 1
  m_LocalEulerAnglesHint: {x: -90, y: 180, z: 0}
--- !u!4 &1539144155 stripped
Transform:
  m_CorrespondingSourceObject: {fileID: 2318012856659562849, guid: 6f853364f2c717c45ae4a2a024051c91,
    type: 3}
  m_PrefabInstance: {fileID: 1373288887}
  m_PrefabAsset: {fileID: 0}
--- !u!1 &1600246577
GameObject:
  m_ObjectHideFlags: 0
  m_CorrespondingSourceObject: {fileID: 0}
  m_PrefabInstance: {fileID: 0}
  m_PrefabAsset: {fileID: 0}
  serializedVersion: 6
  m_Component:
  - component: {fileID: 1600246578}
  m_Layer: 0
  m_Name: GameObject
  m_TagString: Untagged
  m_Icon: {fileID: 0}
  m_NavMeshLayer: 0
  m_StaticEditorFlags: 0
  m_IsActive: 1
--- !u!4 &1600246578
Transform:
  m_ObjectHideFlags: 0
  m_CorrespondingSourceObject: {fileID: 0}
  m_PrefabInstance: {fileID: 0}
  m_PrefabAsset: {fileID: 0}
  m_GameObject: {fileID: 1600246577}
  m_LocalRotation: {x: 0.7071068, y: -0, z: -0, w: 0.7071068}
  m_LocalPosition: {x: -25.28195, y: -4.769951, z: -62.76101}
  m_LocalScale: {x: 1, y: 1, z: 1}
  m_Children:
  - {fileID: 86267584}
  - {fileID: 554829337}
  - {fileID: 1895907454}
  - {fileID: 1161304286}
  - {fileID: 859986322}
  - {fileID: 2076896965}
  - {fileID: 1825978223}
  - {fileID: 1539144155}
  m_Father: {fileID: 1535625226}
  m_RootOrder: 0
  m_LocalEulerAnglesHint: {x: 0, y: 0, z: 0}
--- !u!1001 &1805296016
PrefabInstance:
  m_ObjectHideFlags: 0
  serializedVersion: 2
  m_Modification:
    m_TransformParent: {fileID: 1600246578}
    m_Modifications:
    - target: {fileID: 360061041224591392, guid: a45d36d0d2e84524a8619e8c3c714196,
        type: 3}
      propertyPath: m_Name
      value: Cloth_glue
      objectReference: {fileID: 0}
    - target: {fileID: 360061041224591395, guid: a45d36d0d2e84524a8619e8c3c714196,
        type: 3}
      propertyPath: m_LocalPosition.x
      value: 84.5
      objectReference: {fileID: 0}
    - target: {fileID: 360061041224591395, guid: a45d36d0d2e84524a8619e8c3c714196,
        type: 3}
      propertyPath: m_LocalPosition.y
      value: 59.8
      objectReference: {fileID: 0}
    - target: {fileID: 360061041224591395, guid: a45d36d0d2e84524a8619e8c3c714196,
        type: 3}
      propertyPath: m_LocalPosition.z
      value: -6.8
      objectReference: {fileID: 0}
    - target: {fileID: 360061041224591395, guid: a45d36d0d2e84524a8619e8c3c714196,
        type: 3}
      propertyPath: m_LocalRotation.x
      value: 0
      objectReference: {fileID: 0}
    - target: {fileID: 360061041224591395, guid: a45d36d0d2e84524a8619e8c3c714196,
        type: 3}
      propertyPath: m_LocalRotation.y
      value: 0
      objectReference: {fileID: 0}
    - target: {fileID: 360061041224591395, guid: a45d36d0d2e84524a8619e8c3c714196,
        type: 3}
      propertyPath: m_LocalRotation.z
      value: 0
      objectReference: {fileID: 0}
    - target: {fileID: 360061041224591395, guid: a45d36d0d2e84524a8619e8c3c714196,
        type: 3}
      propertyPath: m_LocalRotation.w
      value: 1
      objectReference: {fileID: 0}
    - target: {fileID: 360061041224591395, guid: a45d36d0d2e84524a8619e8c3c714196,
        type: 3}
      propertyPath: m_RootOrder
      value: 3
      objectReference: {fileID: 0}
    - target: {fileID: 360061041224591395, guid: a45d36d0d2e84524a8619e8c3c714196,
        type: 3}
      propertyPath: m_LocalEulerAnglesHint.x
      value: 0
      objectReference: {fileID: 0}
    - target: {fileID: 360061041224591395, guid: a45d36d0d2e84524a8619e8c3c714196,
        type: 3}
      propertyPath: m_LocalEulerAnglesHint.y
      value: 0
      objectReference: {fileID: 0}
    - target: {fileID: 360061041224591395, guid: a45d36d0d2e84524a8619e8c3c714196,
        type: 3}
      propertyPath: m_LocalEulerAnglesHint.z
      value: 0
      objectReference: {fileID: 0}
    - target: {fileID: 360061041224591395, guid: a45d36d0d2e84524a8619e8c3c714196,
        type: 3}
      propertyPath: m_LocalScale.x
      value: 43
      objectReference: {fileID: 0}
    - target: {fileID: 360061041224591395, guid: a45d36d0d2e84524a8619e8c3c714196,
        type: 3}
      propertyPath: m_LocalScale.y
      value: 43
      objectReference: {fileID: 0}
    m_RemovedComponents: []
  m_SourcePrefab: {fileID: 100100000, guid: a45d36d0d2e84524a8619e8c3c714196, type: 3}
--- !u!1001 &1825978222
PrefabInstance:
  m_ObjectHideFlags: 0
  serializedVersion: 2
  m_Modification:
    m_TransformParent: {fileID: 1600246578}
    m_Modifications:
    - target: {fileID: 5548665223841597386, guid: 53f05d1a78e607749adaa84883d46318,
        type: 3}
      propertyPath: m_Name
      value: Particle System
      objectReference: {fileID: 0}
    - target: {fileID: 5548665223841597387, guid: 53f05d1a78e607749adaa84883d46318,
        type: 3}
      propertyPath: m_Materials.Array.size
      value: 1
      objectReference: {fileID: 0}
    - target: {fileID: 5548665223841597396, guid: 53f05d1a78e607749adaa84883d46318,
        type: 3}
      propertyPath: playOnAwake
      value: 1
      objectReference: {fileID: 0}
    - target: {fileID: 5548665223841597396, guid: 53f05d1a78e607749adaa84883d46318,
        type: 3}
      propertyPath: InitialModule.startSize.minScalar
      value: 3
      objectReference: {fileID: 0}
    - target: {fileID: 5548665223841597396, guid: 53f05d1a78e607749adaa84883d46318,
        type: 3}
      propertyPath: InitialModule.startSize.scalar
      value: 7
      objectReference: {fileID: 0}
    - target: {fileID: 5548665223841597396, guid: 53f05d1a78e607749adaa84883d46318,
        type: 3}
      propertyPath: InitialModule.startLifetime.scalar
      value: 20
      objectReference: {fileID: 0}
    - target: {fileID: 5548665223841597396, guid: 53f05d1a78e607749adaa84883d46318,
        type: 3}
      propertyPath: VelocityModule.radial.scalar
      value: 0
      objectReference: {fileID: 0}
    - target: {fileID: 5548665223841597396, guid: 53f05d1a78e607749adaa84883d46318,
        type: 3}
      propertyPath: lengthInSec
      value: 5
      objectReference: {fileID: 0}
    - target: {fileID: 5548665223841597396, guid: 53f05d1a78e607749adaa84883d46318,
        type: 3}
      propertyPath: InitialModule.maxNumParticles
      value: 1000
      objectReference: {fileID: 0}
    - target: {fileID: 5548665223841597396, guid: 53f05d1a78e607749adaa84883d46318,
        type: 3}
      propertyPath: InitialModule.startSpeed.scalar
      value: 5
      objectReference: {fileID: 0}
    - target: {fileID: 5548665223841597396, guid: 53f05d1a78e607749adaa84883d46318,
        type: 3}
      propertyPath: VelocityModule.speedModifier.scalar
      value: 0.2
      objectReference: {fileID: 0}
    - target: {fileID: 5548665223841597396, guid: 53f05d1a78e607749adaa84883d46318,
        type: 3}
      propertyPath: VelocityModule.x.scalar
      value: 1
      objectReference: {fileID: 0}
    - target: {fileID: 5548665223841597396, guid: 53f05d1a78e607749adaa84883d46318,
        type: 3}
      propertyPath: InitialModule.gravityModifier.scalar
      value: 0.5
      objectReference: {fileID: 0}
    - target: {fileID: 5548665223841597396, guid: 53f05d1a78e607749adaa84883d46318,
        type: 3}
      propertyPath: VelocityModule.y.scalar
      value: -10
      objectReference: {fileID: 0}
    - target: {fileID: 5548665223841597396, guid: 53f05d1a78e607749adaa84883d46318,
        type: 3}
      propertyPath: VelocityModule.x.minMaxState
      value: 3
      objectReference: {fileID: 0}
    - target: {fileID: 5548665223841597396, guid: 53f05d1a78e607749adaa84883d46318,
        type: 3}
      propertyPath: VelocityModule.y.minMaxState
      value: 3
      objectReference: {fileID: 0}
    - target: {fileID: 5548665223841597396, guid: 53f05d1a78e607749adaa84883d46318,
        type: 3}
      propertyPath: VelocityModule.z.minMaxState
      value: 3
      objectReference: {fileID: 0}
    - target: {fileID: 5548665223841597396, guid: 53f05d1a78e607749adaa84883d46318,
        type: 3}
      propertyPath: VelocityModule.x.minScalar
      value: 10
      objectReference: {fileID: 0}
    - target: {fileID: 5548665223841597396, guid: 53f05d1a78e607749adaa84883d46318,
        type: 3}
      propertyPath: VelocityModule.orbitalOffsetX.scalar
      value: 0
      objectReference: {fileID: 0}
    - target: {fileID: 5548665223841597396, guid: 53f05d1a78e607749adaa84883d46318,
        type: 3}
      propertyPath: VelocityModule.orbitalX.scalar
      value: 0
      objectReference: {fileID: 0}
    - target: {fileID: 5548665223841597396, guid: 53f05d1a78e607749adaa84883d46318,
        type: 3}
      propertyPath: ClampVelocityModule.enabled
      value: 0
      objectReference: {fileID: 0}
    - target: {fileID: 5548665223841597396, guid: 53f05d1a78e607749adaa84883d46318,
        type: 3}
      propertyPath: ShapeModule.type
      value: 12
      objectReference: {fileID: 0}
    - target: {fileID: 5548665223841597396, guid: 53f05d1a78e607749adaa84883d46318,
        type: 3}
      propertyPath: ShapeModule.radius.value
      value: 200
      objectReference: {fileID: 0}
    - target: {fileID: 5548665223841597396, guid: 53f05d1a78e607749adaa84883d46318,
        type: 3}
      propertyPath: simulationSpeed
      value: 2
      objectReference: {fileID: 0}
    - target: {fileID: 5548665223841597396, guid: 53f05d1a78e607749adaa84883d46318,
        type: 3}
      propertyPath: ShapeModule.radiusThickness
      value: 1
      objectReference: {fileID: 0}
    - target: {fileID: 5548665223841597396, guid: 53f05d1a78e607749adaa84883d46318,
        type: 3}
      propertyPath: VelocityModule.y.minScalar
      value: 0
      objectReference: {fileID: 0}
    - target: {fileID: 5548665223841597397, guid: 53f05d1a78e607749adaa84883d46318,
        type: 3}
      propertyPath: m_LocalPosition.x
      value: 20
      objectReference: {fileID: 0}
    - target: {fileID: 5548665223841597397, guid: 53f05d1a78e607749adaa84883d46318,
        type: 3}
      propertyPath: m_LocalPosition.y
      value: 170
      objectReference: {fileID: 0}
    - target: {fileID: 5548665223841597397, guid: 53f05d1a78e607749adaa84883d46318,
        type: 3}
      propertyPath: m_LocalPosition.z
      value: -29.1
      objectReference: {fileID: 0}
    - target: {fileID: 5548665223841597397, guid: 53f05d1a78e607749adaa84883d46318,
        type: 3}
      propertyPath: m_LocalRotation.x
      value: 0.7071068
      objectReference: {fileID: 0}
    - target: {fileID: 5548665223841597397, guid: 53f05d1a78e607749adaa84883d46318,
        type: 3}
      propertyPath: m_LocalRotation.y
      value: 0
      objectReference: {fileID: 0}
    - target: {fileID: 5548665223841597397, guid: 53f05d1a78e607749adaa84883d46318,
        type: 3}
      propertyPath: m_LocalRotation.z
      value: 0
      objectReference: {fileID: 0}
    - target: {fileID: 5548665223841597397, guid: 53f05d1a78e607749adaa84883d46318,
        type: 3}
      propertyPath: m_LocalRotation.w
      value: 0.7071068
      objectReference: {fileID: 0}
    - target: {fileID: 5548665223841597397, guid: 53f05d1a78e607749adaa84883d46318,
        type: 3}
      propertyPath: m_RootOrder
      value: 6
      objectReference: {fileID: 0}
    - target: {fileID: 5548665223841597397, guid: 53f05d1a78e607749adaa84883d46318,
        type: 3}
      propertyPath: m_LocalEulerAnglesHint.x
      value: 90
      objectReference: {fileID: 0}
    - target: {fileID: 5548665223841597397, guid: 53f05d1a78e607749adaa84883d46318,
        type: 3}
      propertyPath: m_LocalEulerAnglesHint.y
      value: 0
      objectReference: {fileID: 0}
    - target: {fileID: 5548665223841597397, guid: 53f05d1a78e607749adaa84883d46318,
        type: 3}
      propertyPath: m_LocalEulerAnglesHint.z
      value: 0
      objectReference: {fileID: 0}
    m_RemovedComponents: []
  m_SourcePrefab: {fileID: 100100000, guid: 53f05d1a78e607749adaa84883d46318, type: 3}
--- !u!4 &1825978223 stripped
Transform:
  m_CorrespondingSourceObject: {fileID: 5548665223841597397, guid: 53f05d1a78e607749adaa84883d46318,
    type: 3}
  m_PrefabInstance: {fileID: 1825978222}
  m_PrefabAsset: {fileID: 0}
--- !u!1 &1895907453
GameObject:
  m_ObjectHideFlags: 0
  m_CorrespondingSourceObject: {fileID: 0}
  m_PrefabInstance: {fileID: 0}
  m_PrefabAsset: {fileID: 0}
  serializedVersion: 6
  m_Component:
  - component: {fileID: 1895907454}
  - component: {fileID: 1895907455}
  m_Layer: 0
  m_Name: New Sprite (1)
  m_TagString: Untagged
  m_Icon: {fileID: 0}
  m_NavMeshLayer: 0
  m_StaticEditorFlags: 0
  m_IsActive: 1
--- !u!4 &1895907454
Transform:
  m_ObjectHideFlags: 0
  m_CorrespondingSourceObject: {fileID: 0}
  m_PrefabInstance: {fileID: 0}
  m_PrefabAsset: {fileID: 0}
  m_GameObject: {fileID: 1895907453}
  m_LocalRotation: {x: 0, y: 0, z: 0, w: 1}
  m_LocalPosition: {x: 25.281843, y: 66.760895, z: -5}
  m_LocalScale: {x: 45, y: 45, z: 1}
  m_Children: []
  m_Father: {fileID: 1600246578}
  m_RootOrder: 2
  m_LocalEulerAnglesHint: {x: 0, y: 0, z: 0}
--- !u!212 &1895907455
SpriteRenderer:
  m_ObjectHideFlags: 0
  m_CorrespondingSourceObject: {fileID: 0}
  m_PrefabInstance: {fileID: 0}
  m_PrefabAsset: {fileID: 0}
  m_GameObject: {fileID: 1895907453}
  m_Enabled: 1
  m_CastShadows: 0
  m_ReceiveShadows: 0
  m_DynamicOccludee: 1
  m_MotionVectors: 1
  m_LightProbeUsage: 1
  m_ReflectionProbeUsage: 1
  m_RayTracingMode: 0
  m_RayTraceProcedural: 0
  m_RenderingLayerMask: 1
  m_RendererPriority: 0
  m_Materials:
  - {fileID: 10754, guid: 0000000000000000f000000000000000, type: 0}
  m_StaticBatchInfo:
    firstSubMesh: 0
    subMeshCount: 0
  m_StaticBatchRoot: {fileID: 0}
  m_ProbeAnchor: {fileID: 0}
  m_LightProbeVolumeOverride: {fileID: 0}
  m_ScaleInLightmap: 1
  m_ReceiveGI: 1
  m_PreserveUVs: 0
  m_IgnoreNormalsForChartDetection: 0
  m_ImportantGI: 0
  m_StitchLightmapSeams: 1
  m_SelectedEditorRenderState: 0
  m_MinimumChartSize: 4
  m_AutoUVMaxDistance: 0.5
  m_AutoUVMaxAngle: 89
  m_LightmapParameters: {fileID: 0}
  m_SortingLayerID: 0
  m_SortingLayer: 0
  m_SortingOrder: 0
  m_Sprite: {fileID: 21300000, guid: 97877a11d2eee924083926ee7f75f200, type: 3}
  m_Color: {r: 1, g: 1, b: 1, a: 1}
  m_FlipX: 0
  m_FlipY: 0
  m_DrawMode: 0
  m_Size: {x: 9.22, y: 5.2}
  m_AdaptiveModeThreshold: 0.5
  m_SpriteTileMode: 0
  m_WasSpriteAssigned: 1
  m_MaskInteraction: 0
  m_SpriteSortPoint: 0
--- !u!1 &2076896964
GameObject:
  m_ObjectHideFlags: 0
  m_CorrespondingSourceObject: {fileID: 0}
  m_PrefabInstance: {fileID: 0}
  m_PrefabAsset: {fileID: 0}
  serializedVersion: 6
  m_Component:
  - component: {fileID: 2076896965}
  - component: {fileID: 2076896966}
  m_Layer: 0
  m_Name: Audio Source
  m_TagString: Untagged
  m_Icon: {fileID: 0}
  m_NavMeshLayer: 0
  m_StaticEditorFlags: 0
  m_IsActive: 1
--- !u!4 &2076896965
Transform:
  m_ObjectHideFlags: 0
  m_CorrespondingSourceObject: {fileID: 0}
  m_PrefabInstance: {fileID: 0}
  m_PrefabAsset: {fileID: 0}
  m_GameObject: {fileID: 2076896964}
  m_LocalRotation: {x: 0, y: 0, z: 0, w: 1}
  m_LocalPosition: {x: 0, y: 0, z: 0}
  m_LocalScale: {x: 1, y: 1, z: 1}
  m_Children: []
  m_Father: {fileID: 1600246578}
  m_RootOrder: 5
  m_LocalEulerAnglesHint: {x: 0, y: 0, z: 0}
--- !u!82 &2076896966
AudioSource:
  m_ObjectHideFlags: 0
  m_CorrespondingSourceObject: {fileID: 0}
  m_PrefabInstance: {fileID: 0}
  m_PrefabAsset: {fileID: 0}
  m_GameObject: {fileID: 2076896964}
  m_Enabled: 1
  serializedVersion: 4
  OutputAudioMixerGroup: {fileID: 0}
  m_audioClip: {fileID: 8300000, guid: 5ebc0fde23748ce4986e82de8bc4ac69, type: 3}
  m_PlayOnAwake: 1
  m_Volume: 1
  m_Pitch: 1
  Loop: 1
  Mute: 0
  Spatialize: 0
  SpatializePostEffects: 0
  Priority: 128
  DopplerLevel: 1
  MinDistance: 1
  MaxDistance: 500
  Pan2D: 0
  rolloffMode: 0
  BypassEffects: 0
  BypassListenerEffects: 0
  BypassReverbZones: 0
  rolloffCustomCurve:
    serializedVersion: 2
    m_Curve:
    - serializedVersion: 3
      time: 0
      value: 1
      inSlope: 0
      outSlope: 0
      tangentMode: 0
      weightedMode: 0
      inWeight: 0.33333334
      outWeight: 0.33333334
    - serializedVersion: 3
      time: 1
      value: 0
      inSlope: 0
      outSlope: 0
      tangentMode: 0
      weightedMode: 0
      inWeight: 0.33333334
      outWeight: 0.33333334
    m_PreInfinity: 2
    m_PostInfinity: 2
    m_RotationOrder: 4
  panLevelCustomCurve:
    serializedVersion: 2
    m_Curve:
    - serializedVersion: 3
      time: 0
      value: 0
      inSlope: 0
      outSlope: 0
      tangentMode: 0
      weightedMode: 0
      inWeight: 0.33333334
      outWeight: 0.33333334
    m_PreInfinity: 2
    m_PostInfinity: 2
    m_RotationOrder: 4
  spreadCustomCurve:
    serializedVersion: 2
    m_Curve:
    - serializedVersion: 3
      time: 0
      value: 0
      inSlope: 0
      outSlope: 0
      tangentMode: 0
      weightedMode: 0
      inWeight: 0.33333334
      outWeight: 0.33333334
    m_PreInfinity: 2
    m_PostInfinity: 2
    m_RotationOrder: 4
  reverbZoneMixCustomCurve:
    serializedVersion: 2
    m_Curve:
    - serializedVersion: 3
      time: 0
      value: 1
      inSlope: 0
      outSlope: 0
      tangentMode: 0
      weightedMode: 0
      inWeight: 0.33333334
      outWeight: 0.33333334
    m_PreInfinity: 2
    m_PostInfinity: 2
    m_RotationOrder: 4
--- !u!43 &2115720735
Mesh:
  m_ObjectHideFlags: 0
  m_CorrespondingSourceObject: {fileID: 0}
  m_PrefabInstance: {fileID: 0}
  m_PrefabAsset: {fileID: 0}
  m_Name: ImageTargetMesh23114
  serializedVersion: 10
  m_SubMeshes:
  - serializedVersion: 2
    firstByte: 0
    indexCount: 6
    topology: 0
    baseVertex: 0
    firstVertex: 0
    vertexCount: 4
    localAABB:
      m_Center: {x: 0, y: 0, z: 0}
      m_Extent: {x: 50, y: 0, z: 59.548794}
  m_Shapes:
    vertices: []
    shapes: []
    channels: []
    fullWeights: []
  m_BindPose: []
  m_BoneNameHashes: 
  m_RootBoneNameHash: 0
  m_BonesAABB: []
  m_VariableBoneCountWeights:
    m_Data: 
  m_MeshCompression: 0
  m_IsReadable: 1
  m_KeepVertices: 1
  m_KeepIndices: 1
  m_IndexFormat: 0
  m_IndexBuffer: 000001000200020001000300
  m_VertexData:
    serializedVersion: 3
    m_VertexCount: 4
    m_Channels:
    - stream: 0
      offset: 0
      format: 0
      dimension: 3
    - stream: 0
      offset: 12
      format: 0
      dimension: 3
    - stream: 0
      offset: 0
      format: 0
      dimension: 0
    - stream: 0
      offset: 0
      format: 0
      dimension: 0
    - stream: 0
      offset: 24
      format: 0
      dimension: 2
    - stream: 0
      offset: 0
      format: 0
      dimension: 0
    - stream: 0
      offset: 0
      format: 0
      dimension: 0
    - stream: 0
      offset: 0
      format: 0
      dimension: 0
    - stream: 0
      offset: 0
      format: 0
      dimension: 0
    - stream: 0
      offset: 0
      format: 0
      dimension: 0
    - stream: 0
      offset: 0
      format: 0
      dimension: 0
    - stream: 0
      offset: 0
      format: 0
      dimension: 0
    - stream: 0
      offset: 0
      format: 0
      dimension: 0
    - stream: 0
      offset: 0
      format: 0
      dimension: 0
    m_DataSize: 128
    _typelessdata: 000048c300000000b698e1c2000000000000803f000000000000000000000000000048c300000000b698e142000000000000803f00000000000000000000803f0000484300000000b698e1c2000000000000803f000000000000803f000000000000484300000000b698e142000000000000803f000000000000803f0000803f
  m_CompressedMesh:
    m_Vertices:
      m_NumItems: 0
      m_Range: 0
      m_Start: 0
      m_Data: 
      m_BitSize: 0
    m_UV:
      m_NumItems: 0
      m_Range: 0
      m_Start: 0
      m_Data: 
      m_BitSize: 0
    m_Normals:
      m_NumItems: 0
      m_Range: 0
      m_Start: 0
      m_Data: 
      m_BitSize: 0
    m_Tangents:
      m_NumItems: 0
      m_Range: 0
      m_Start: 0
      m_Data: 
      m_BitSize: 0
    m_Weights:
      m_NumItems: 0
      m_Data: 
      m_BitSize: 0
    m_NormalSigns:
      m_NumItems: 0
      m_Data: 
      m_BitSize: 0
    m_TangentSigns:
      m_NumItems: 0
      m_Data: 
      m_BitSize: 0
    m_FloatColors:
      m_NumItems: 0
      m_Range: 0
      m_Start: 0
      m_Data: 
      m_BitSize: 0
    m_BoneIndices:
      m_NumItems: 0
      m_Data: 
      m_BitSize: 0
    m_Triangles:
      m_NumItems: 0
      m_Data: 
      m_BitSize: 0
    m_UVInfo: 0
  m_LocalAABB:
    m_Center: {x: 0, y: 0, z: 0}
    m_Extent: {x: 200, y: 0, z: 112.79826}
  m_MeshUsageFlags: 0
  m_BakedConvexCollisionMesh: 
  m_BakedTriangleCollisionMesh: 
  m_MeshMetrics[0]: 1
  m_MeshMetrics[1]: 1
  m_MeshOptimizationFlags: 1
  m_StreamData:
    serializedVersion: 2
    offset: 0
    size: 0
    path: 
